
@mastersthesis {Illy,
	Author = {Christian, Illy},
	School = {TU Darmstadt, Fachgebiet Rechnersysteme},
	Month = {Dezember},
	Title = {{Implementierung der Thread-Verwaltung in einem AMIDAR}},
	Year = {2015}	} 

@misc {Burkert,
	Author = {Tim, Burkert},
	School = {TU Darmstadt, Fachgebiet Rechnerysteme},
	Month = {Juni},
	Title = {{Entwicklung eines Beschleuniger-Frameworks f"ur den AMIDAR-Prozessor}},
	Year = {2016}}

@mastersthesis {Andresen,
	Author = {Jan, Andresen},
	School = {Tu Darmstadt, Fachgebiet Rechnersysteme}, 
	Month = {Juni},
	Title = {{Erweiterung des Bus Protokolls f"ur AMIDAR-Prozessoren}},
	Year = {2016}
}



@misc {Gove,
	Author = {Darryl, Gove},
	Publisher = {Oracle},
	Month = {M"arz},
	Title = {{Flush Register Windows}},
	note = {Accessed: 9.02.2016},
	howpublished = {\url{https://blogs.oracle.com/d/entry/flush_register_windows}},
	Year = 2008
}


@mastersthesis{guo,
	Author = {Guo, Tao},
	Date-Added = {2009-09-27 19:08:19 +0200},
	Date-Modified = {2009-09-27 19:09:56 +0200},
	School = {TU Darmstadt, Fachgebiet Rechnersysteme},
	Title = {{Ansteuerung eines SDRAM auf einem Xilinx FPGA-Board}},
	Year = {2008}}

@book{alfke,
	Author = {Alfke, Peter},
	Date-Added = {2009-09-27 19:04:16 +0200},
	Date-Modified = {2009-09-27 19:08:15 +0200},
	Month = {November},
	Publisher = {XILINX TechXclusives},
	Title = {Six Easy Pieces (Non-Synchronous Circuit Tricks)},
	Year = {2005}}
